<record><leader>00000cas a2200000 a 4500</leader><controlfield tag="001">33286955</controlfield><controlfield tag="008">951012c19799999tnuwr ne      0    0eng d</controlfield><datafield ind1=" " ind2=" " tag="010"><subfield code="a">sn 97065135 </subfield></datafield><datafield ind1=" " ind2=" " tag="040"><subfield code="a">THM</subfield><subfield code="b">eng</subfield><subfield code="c">THM</subfield><subfield code="d">TGN</subfield><subfield code="d">OCL</subfield><subfield code="d">OCLCQ</subfield><subfield code="d">OCLCF</subfield><subfield code="d">DLC</subfield><subfield code="d">OCLCO</subfield></datafield><datafield ind1="1" ind2=" " tag="029"><subfield code="a">AU@</subfield><subfield code="b">000013412434</subfield></datafield><datafield ind1=" " ind2=" " tag="037"><subfield code="b">The Courier, P.O. Box 340, Savannah, TN 38372</subfield></datafield><datafield ind1=" " ind2=" " tag="042"><subfield code="a">msc</subfield></datafield><datafield ind1=" " ind2=" " tag="043"><subfield code="a">n-us-tn</subfield></datafield><datafield ind1="0" ind2=" " tag="130"><subfield code="a">Courier (Savannah, Tenn.)</subfield></datafield><datafield ind1="1" ind2="4" tag="245"><subfield code="a">The courier.</subfield></datafield><datafield ind1="1" ind2="7" tag="246"><subfield code="a">Savannah courier</subfield></datafield><datafield ind1=" " ind2=" " tag="260"><subfield code="a">Savannah, Tenn. :</subfield><subfield code="b">Kathryn Craddock,</subfield><subfield code="c">1979-</subfield></datafield><datafield ind1=" " ind2=" " tag="300"><subfield code="a">v. :</subfield><subfield code="b">ill. ;</subfield><subfield code="c">58 cm.</subfield></datafield><datafield ind1=" " ind2=" " tag="310"><subfield code="a">Weekly</subfield></datafield><datafield ind1="0" ind2=" " tag="362"><subfield code="a">Vol. 95, no. 17 (May 3, 1979)-</subfield></datafield><datafield ind1=" " ind2="0" tag="651"><subfield code="a">Savannah (Tenn.)</subfield><subfield code="v">Newspapers.</subfield></datafield><datafield ind1=" " ind2="0" tag="651"><subfield code="a">Hardin County (Tenn.)</subfield><subfield code="v">Newspapers.</subfield></datafield><datafield ind1=" " ind2="7" tag="651"><subfield code="a">Tennessee</subfield><subfield code="z">Hardin County.</subfield><subfield code="2">fast</subfield><subfield code="0">(OCoLC)fst01229016</subfield></datafield><datafield ind1=" " ind2="7" tag="651"><subfield code="a">Tennessee</subfield><subfield code="z">Savannah.</subfield><subfield code="2">fast</subfield><subfield code="0">(OCoLC)fst01228149</subfield></datafield><datafield ind1=" " ind2="7" tag="655"><subfield code="a">Newspapers.</subfield><subfield code="2">fast</subfield><subfield code="0">(OCoLC)fst01423814</subfield></datafield><datafield ind1="0" ind2="0" tag="780"><subfield code="t">Savannah courier (Savannah, Tenn.)</subfield><subfield code="x">2376-6530</subfield><subfield code="w">(DLC)sn 89058248</subfield><subfield code="w">(OCoLC)19175383</subfield></datafield></record>